% --------------------------------------------------------------------------------------------
% ----------------------------------------- ARTICLES -----------------------------------------
% --------------------------------------------------------------------------------------------

@article{real-prog-in-fp,
  title="Real Programming in Functional Languages",
  author="James H. Morris",
  year="1981"
}

@article{intgr-fp-ip,
  title="Integrating Functional and Imperative Programming",
  author="David K. Gifford and John M. Lucassen",
  year="1986"
}

@article{ad-hoc-less-ad-hoc,
  title="How to make ad-hoc polymorphism less ad hoc",
  author="Philip Wadler and Stephen Blott",
  year="1988"
}

@article{comp-lambda-monads,
  title="Computational lambda-calculus and monads",
  author="Eugenio Moggi",
  year="1989"
}

@article{comprehending-monads,
  title="Comprehending Monads",
  author="Philip Wadler",
  year="1990"
}

@article{notions-computations,
  title="Notions of computation and monads",
  author="Eugenio Moggi",
  year="1991"
}

@article{imperative-fp,
  title="Imperative functional Programming",
  author="Simon Peyton Jones and Philip Wadler",
  year="1992",
  doi = "10.1145/158511.158524"
}

@article{monads-for-fp,
  title="Monads for functional programming",
  author="Philip Wadler",
  year="1993"
}

@article{den-lang-specs,
  title="Extensible denotational language specifications",
  author="Robert Cartwright and Matthias Felleisen",
  year="1994",
}

@article{representing-monads,
  title="Representing Monads",
  author="Andrzej Filinski",
  year="1994",
}

@article{fp-overloading-ho-polymorphism,
  title="Functional Programming with Overloading and Higher-Order Polymorphism",
  author="Mark P. Jones",
  year="1995"
}

@article{imprecise-exceptions,
  title="A Semantics for imprecise exceptions",
  author="Simon Peyton Jones and Alastar Reid and Tony Hoare and Simon Marlow",
  year="1998",
}

@article{async-exc,
  title="Asynchronous Exceptions in Haskell",
  author="Simon Peyton Jones and Simon Marlow and Andrew Moran and John Reppy",
  year="2001",
}

@article{akward-squad,
  title="Tackling the Awkward Squad: monadic input/output, concurrency, exceptions, and foreign-language calls in Haskell",
  author="Simon Peyton Jones",
  year="2001",
}

@article{comp-effs-and-ops,
  title="Computational effects and operations: an overview",
  author="Gordon Plotkin and John Power",
  year="2002",
}

@article{adequacy-for-alg-effs,
  title="Adequacy for Algebraic Effects",
  author="Gordon Plotkin and John Power",
  year="2001",
}

@article{alg-ops-gen-effs,
  title="Algebraic Operations and Generic Effects",
  author="Gordon Plotkin and John Power",
  year="2003",
}

@article{handlers-of-alg-effs,
  title="Handlers of Algebraic Effects",
  author="Gordon Plotkin and Matija Pretnar",
  year="2009",
}

@article{handling-alg-effs,
  title="Handling Algebraic Effects",
  author="Gordon Plotkin and Matija Pretnar",
  year="2013",
}

@article{tc-as-objects,
  title="Type Classes as Objects and Implicits",
  author="Martin Odersky and Adrian Moors and Bruno C. d. D. Oliveira",
  year="2010",
}

@article{simple-testing-failures,
  title="Simple Testing Can Prevent Most Critical Failures: An Analysis of Production Failures in Distributed Data-Intensive Systems",
  author="Ding Yuan and Yu Luo and Xin Zhuang and Guilherme Renna Rodrigues and Xu Zhao and Yongle Zhang and Pranay U. Jain and Michael Stumm",
  publisher = "University of Toronto",
  year="2014",
}

@article{intro-to-alg-eff,
  title="An Introduction to Algebraic Effects and Handlers",
  author="Matija Pretnar",
  year="2015",
}

@article{alg-effs-for-fp,
  title="Algebraic Effects for Functional Programming",
  author="Daan Leijen",
  year="2016",
}

@article{essence-of-dot,
  title="The Essence of Dependent Object Types",
  author="Nada Amin and Samuel Grütter and Martin Odersky and Tiark Romp and Sandro Stucki",
  year="2016",
  publisher = "École Polytechnique Fédérale de Lausanne",
}

@article{do-be-do-be-do,
  title="Do Be Do Be Do",
  author="Sam Lindley and Conor McBride and Craig McLaughlin",
  year="2017",
}

@article{polymorphic-alg-effs,
  title="Handling polymorphic algebraic effects",
  author="Taro Sekiyama and Atsushi Igarashi",
  year="2018",
}

@article{representing-monads-capabilities,
  title="Representing Monads with Capabilities",
  author="Jonathan Immanuel Brachthäuser and Aleksander Boruch-Gruszecki and Martin Odersky",
  year="2021",
}

% -------------------------------------------------------------------------------------------
% ------------------------------------------ BOOKS ------------------------------------------
% -------------------------------------------------------------------------------------------

@book{sicp,
    author = "Harold Abelson and Gerald Jay Sussman and Julie Sussman",
    year = "1996",
    title = "Structure and Interpretation of Computer Programs",
    publisher = "MIT Press",
    edition = 2
}

@book{fp-in-scala,
    author = "Paul Chiusano and Rúnar Bjarnason",
    year = "2015",
    title = "Functional Programming in Scala",
    publisher = "Manning",
    edition = 2
}

@book{zionomicon,
    author = "John De Goes and Adam Fraser",
    year = "2020",
    title = "Zionomicon",
    publisher = "Ziverge Inc.",
}

% --------------------------------------------------------------------------------------------
% ------------------------------------------ ONLINE ------------------------------------------
% --------------------------------------------------------------------------------------------

@online{tiobe-index,
    title = "Tiobe Index, January 2022",
    year = "2022",
    url = "https://www.tiobe.com/tiobe-index",
    urldate = {2022-01-13}
}

@online{capture-checking,
    title = "Capture Checking",
    year = "2022",
    url = "https://dotty.epfl.ch/docs/reference/experimental/cc.html",
    urldate = {2022-05-08}
}

@online{can-throw,
    title = "CanThrow Capabilities",
    year = "2022",
    url = "https://docs.scala-lang.org/scala3/reference/experimental/canthrow.html",
    urldate = {2022-05-19}
}

@online{ocaml-mc-sep-2021,
    title = "OCaml Multicore - September 2021",
    year = "2022",
    url = "https://ocaml.org/news/multicore-2021-09",
    urldate = {2022-09-08}
}

@online{monadic-reflection-scala,
    title = "Monadic Reflection",
    year = "2022",
    url = "https://github.com/lampepfl/monadic-reflection",
    urldate = {2022-10-07}
}


% --------------------------------------------------------------------------------------------
% -------------------------------- Languages, libraries, APIs --------------------------------
% --------------------------------------------------------------------------------------------
@online{scala,
    title = "The Scala programming language",
    year = "2022",
    url = "https://www.scala-lang.org/",
    urldate = {2022-01-13}
}

@online{koka-lang,
    title = "Koka programming language",
    year = "2022",
    url = "https://koka-lang.github.io/koka/doc/index.html",
    urldate = {2022-09-06}
}

@online{eff-lang,
    title = "Eff programming language",
    year = "2022",
    url = "https://www.eff-lang.org/",
    urldate = {2022-09-06}
}

@online{frank-lang,
    title = "Frank programming language",
    year = "2022",
    url = "https://github.com/frank-lang",
    urldate = {2022-09-06}
}

@online{links-lang,
    title = "Links programming language",
    year = "2022",
    url = "https://links-lang.org/",
    urldate = {2022-09-21}
}

@online{effekt-lang,
    title = "Effekt programming language",
    year = "2022",
    url = "https://effekt-lang.org/",
    urldate = {2022-09-21}
}

@online{ocaml-lang,
    title = "OCaml programming language",
    year = "2022",
    url = "https://ocaml.org/",
    urldate = {2022-09-06}
}

@online{unison-lang,
    title = "Unison programming language",
    year = "2022",
    url = "https://www.unison-lang.org/",
    urldate = {2022-09-06}
}

@online{js-array,
    title = "Mozilla Developer Network: Array",
    year = "2021",
    url = "https://developer.mozilla.org/en-US/docs/Web/JavaScript/Reference/Global_Objects/Array",
    urldate = {2022-07-15}
}

% --------------------- Algebraic effect libraries ---------------------
@online{idris-effects,
    title = "Idris Effects",
    year = "2022",
    url = "http://docs.idris-lang.org/en/latest/effects/index.html",
    urldate = {2022-09-21}
}

@online{extensible-effects,
    title = "Extensible Effects",
    year = "2022",
    url = "https://github.com/suhailshergill/extensible-effects",
    urldate = {2022-09-21}
}

@online{fsharp-alg-eff,
    title = "AlgEff",
    year = "2022",
    url = "https://github.com/brianberns/AlgEff",
    urldate = {2022-09-21}
}

% ----------------------------- IO Monads -----------------------------
@online{zio,
    title = "ZIO",
    url = "https://zio.dev/",
    urldate = {2022-08-18}
}

@online{effect-ts,
    title = "Effect TS",
    url = "https://github.com/Effect-TS/core",
    urldate = {2022-08-18}
}

@online{cats-effect,
    title = "Cats Effect",
    year = "2022",
    url = "https://github.com/typelevel/cats-effect",
    urldate = {2022-08-18}
}

@online{monix,
    title = "Monix",
    url = "https://github.com/monix/monix",
    urldate = {2022-08-18}
}

@online{arrow-fx,
    title = "Arrow FX",
    url = "https://github.com/arrow-kt/arrow",
    urldate = {2022-08-18}
}

@online{missionary,
    title = "Missionary",
    url = "https://github.com/leonoel/missionary",
    urldate = {2022-08-18}
}

@online{purescript-eff,
    title = "Eff",
    url = "https://github.com/purescript/purescript-effect",
    urldate = {2022-08-18}
}

@online{purescript-aff,
    title = "Aff",
    url = "https://github.com/purescript-contrib/purescript-aff",
    urldate = {2022-08-18}
}


% --------------------------- Monadic syntax ---------------------------
@online{haskell-do-notation,
    title = "Haskell do-notation",
    url = "https://en.wikibooks.org/wiki/Haskell/do_notation",
    urldate = {2022-08-23}
}

@online{scala-for-comprehension,
    title = "Scala for comprehensions",
    url = "https://docs.scala-lang.org/tour/for-comprehensions.html",
    urldate = {2022-08-23}
}

@online{fsharp-computation-expression,
    title = "F\# computation expressions",
    url = "https://docs.microsoft.com/en-us/dotnet/fsharp/language-reference/computation-expressions",
    urldate = {2022-08-23}
}

@online{ocaml-bind-ops,
    title = "OCaml Binding operators",
    url = "https://ocaml.org/manual/bindingops.html",
    urldate = {2022-08-23}
}